<?xml version = "1.0" encoding = "UTF-8"?>
<x_server_response metalib_version="4.3.1 (602)">
<present_response>
<record xmlns="http://www.loc.gov/MARC21/slim"
xmlns:xsi="http://www.w3.org/2001/XMLSchema-instance"
xsi:schemaLocation="http://www.loc.gov/MARC21/slim
http://www.loc.gov/standards/marcxml/schema/MARC21slim.xsd">
<controlfield tag="001">44110782</controlfield>
<datafield tag="245" ind1="1" ind2="0">
<subfield code="a">Effect of Different Feeding Method on Methane and Carbon Dioxide Emissions Milk Yield and Composition of Lactating Awassi Sheep.</subfield>
</datafield>
<datafield tag="513" ind1=" " ind2=" ">
<subfield code="a">Article</subfield>
</datafield>
<datafield tag="520" ind1=" " ind2=" ">
<subfield code="a">This study was performed to evaluate the effect of different feeding systems (choice feeding and conventional system) on performance and emission of carbon dioxide (CO&lt;sub&gt;2&lt;/sub&gt;) and enteric methane (CH&lt;sub&gt;4&lt;/sub&gt;) in dairy Awassi ewes. One chamber was equipped with gas analyzers to measure CH&lt;sub&gt;4&lt;/sub&gt; and CO&lt;sub&gt;2&lt;/sub&gt; for 23 h day&lt;sup&gt;-1&lt;/sup&gt;. In total, 16 ewes were used. The ewes were divided into two groups: the Free Choice (FC) group received feed ingredients separately and the Total Mixed Ration (TMR) group received a standard mixed concentrate: forage diet in a ratio of 60:40. The results showed no significant differences between treatments in performance parameters. However, the results of CH&lt;sub&gt;4&lt;/sub&gt; and CO&lt;sub&gt;2&lt;/sub&gt; measurement indicated significant differences between groups in the amounts of CH&lt;sub&gt;4&lt;/sub&gt; and CO&lt;sub&gt;2&lt;/sub&gt; produced per kg dry matter intake. The ewes in the FC group produced less CH&lt;sub&gt;4&lt;/sub&gt; per animal than the ewes that received the TMR system. In ewes on the FC system, the level of propionate was greatly increased relative to the total VFA components. There were no significant differences in ruminal pH and acetate level between treatments. The results indicate that the FC system may be a potential mitigating effect on enteric emission of CH&lt;sub&gt;4&lt;/sub&gt; and CO&lt;sub&gt;2&lt;/sub&gt;. [ABSTRACT FROM AUTHOR]</subfield>
<subfield code="b">Copyright of Asian Journal of Animal &amp; Veterinary Advances is the property of Asian Network for Scientific Information and its content may not be copied or emailed to multiple sites or posted to a listserv without the copyright holder's express written permission. However, users may print, download, or email articles for individual use. This abstract may be abridged. No warranty is given about the accuracy of the copy. Users should refer to the original published version of the material for the full abstract.</subfield>
</datafield>
<datafield tag="591" ind1=" " ind2=" ">
<subfield code="3">Uncontrolled terms</subfield>
<subfield code="a">English</subfield>
</datafield>
<datafield tag="270" ind1=" " ind2=" ">
<subfield code="a">1 -- Ceylanpynar Vocational School, Harran University, Sanliurfa, Turkey</subfield>
</datafield>
<datafield tag="270" ind1=" " ind2=" ">
<subfield code="a">2 -- Faculty of Agriculture, Harran Sanliurfa, Turkey</subfield>
</datafield>
<datafield tag="270" ind1=" " ind2=" ">
<subfield code="a">3 -- Sanliurfa Vocational School, Harran University, Sanliurfa, Turkey</subfield>
</datafield>
<datafield tag="270" ind1=" " ind2=" ">
<subfield code="a">4 -- Bor Vocational School, Nigde University, Nigde, Turkey</subfield>
</datafield>
<datafield tag="270" ind1=" " ind2=" ">
<subfield code="a">5 -- Faculty of Veterinary Medicine, Harran University, Sanliurfa, Turkey</subfield>
</datafield>
<datafield tag="024" ind1=" " ind2=" ">
<subfield code="a">541712</subfield>
<subfield code="d">Reseach and Development in the Physical, Engineering, and Life Sciences (except Biotechnology)</subfield>
<subfield code="2">NAICS/Industry Code</subfield>
</datafield>
<controlfield tag="LDR">^^^^^naa^^2200541^^^4500</controlfield>
<controlfield tag="008">200911e20091101xxu####e###j########eng#d</controlfield>
<datafield tag="016" ind1=" " ind2=" ">
<subfield code="a">44110782</subfield>
</datafield>
<datafield tag="022" ind1=" " ind2=" ">
<subfield code="a">16839919</subfield>
</datafield>
<datafield tag="100" ind1="1" ind2="0">
<subfield code="a">Yurtseven, Sabri</subfield>
<subfield code="g">1</subfield>
</datafield>
<datafield tag="100" ind1="1" ind2="0">
<subfield code="a">Cetin, Mehmet</subfield>
<subfield code="g">2</subfield>
</datafield>
<datafield tag="100" ind1="1" ind2="0">
<subfield code="a">Ozturk, Irfan</subfield>
<subfield code="g">3</subfield>
</datafield>
<datafield tag="100" ind1="1" ind2="0">
<subfield code="a">Can, Abdullah</subfield>
<subfield code="g">2</subfield>
</datafield>
<datafield tag="100" ind1="1" ind2="0">
<subfield code="a">Boga, Mustafa</subfield>
<subfield code="g">4</subfield>
</datafield>
<datafield tag="100" ind1="1" ind2="0">
<subfield code="a">Sahin, Tekin</subfield>
<subfield code="g">5</subfield>
</datafield>
<datafield tag="100" ind1="1" ind2="0">
<subfield code="a">Turkoglu, Huseyin</subfield>
<subfield code="g">2</subfield>
</datafield>
<datafield tag="700" ind1="1" ind2="0">
<subfield code="a">Yurtseven, Sabri</subfield>
<subfield code="g">1</subfield>
</datafield>
<datafield tag="700" ind1="1" ind2="0">
<subfield code="a">Cetin, Mehmet</subfield>
<subfield code="g">2</subfield>
</datafield>
<datafield tag="700" ind1="1" ind2="0">
<subfield code="a">Ozturk, Irfan</subfield>
<subfield code="g">3</subfield>
</datafield>
<datafield tag="700" ind1="1" ind2="0">
<subfield code="a">Can, Abdullah</subfield>
<subfield code="g">2</subfield>
</datafield>
<datafield tag="700" ind1="1" ind2="0">
<subfield code="a">Boga, Mustafa</subfield>
<subfield code="g">4</subfield>
</datafield>
<datafield tag="700" ind1="1" ind2="0">
<subfield code="a">Sahin, Tekin</subfield>
<subfield code="g">5</subfield>
</datafield>
<datafield tag="700" ind1="1" ind2="0">
<subfield code="a">Turkoglu, Huseyin</subfield>
<subfield code="g">2</subfield>
</datafield>
<datafield tag="653" ind1=" " ind2=" ">
<subfield code="a">carbon dioxide emission</subfield>
</datafield>
<datafield tag="653" ind1=" " ind2=" ">
<subfield code="a">chamber</subfield>
</datafield>
<datafield tag="653" ind1=" " ind2=" ">
<subfield code="a">diet selection</subfield>
</datafield>
<datafield tag="653" ind1=" " ind2=" ">
<subfield code="a">Global warming</subfield>
</datafield>
<datafield tag="653" ind1=" " ind2=" ">
<subfield code="a">methane</subfield>
</datafield>
<datafield tag="653" ind1=" " ind2=" ">
<subfield code="a">respiration</subfield>
</datafield>
<datafield tag="654" ind1=" " ind2=" ">
<subfield code="a">ANIMAL feeding</subfield>
</datafield>
<datafield tag="654" ind1=" " ind2=" ">
<subfield code="a">METHANE</subfield>
</datafield>
<datafield tag="654" ind1=" " ind2=" ">
<subfield code="a">CARBON dioxide</subfield>
</datafield>
<datafield tag="654" ind1=" " ind2=" ">
<subfield code="a">AWASSI sheep</subfield>
</datafield>
<datafield tag="654" ind1=" " ind2=" ">
<subfield code="a">BIOLOGY -- Research</subfield>
</datafield>
<datafield tag="773" ind1=" " ind2=" ">
<subfield code="t">Asian Journal of Animal &amp; Veterinary Advances</subfield>
<subfield code="g">2009, Vol. 4 Issue 6, p278-287</subfield>
<subfield code="h">10p; 3 charts, 2 graphs</subfield>
<subfield code="x">16839919</subfield>
</datafield>
<datafield tag="856" ind1=" " ind2=" ">
<subfield code="a">PDF Available</subfield>
<subfield code="u">http://content.ebscohost.com/ContentServer.asp?T=P&amp;P=AN&amp;K=44110782&amp;EbscoContent=dGJyMNLr40SeqLc40dvuOLCmrlGep7RSr624TLaWxWXS&amp;ContentCustomer=dGJyMPGusUuzrbBMuePfgeyx%2BEu3q64A&amp;D=a9h</subfield>
</datafield>
<datafield tag="362" ind1=" " ind2=" ">
<subfield code="a">20091101</subfield>
</datafield>
<datafield tag="945" ind1=" " ind2=" ">
<subfield code="d">091101</subfield>
<subfield code="m">4</subfield>
<subfield code="n">6</subfield>
<subfield code="p">10p</subfield>
</datafield>
<datafield tag="SID" ind1=" " ind2=" ">
<subfield code="a">Z39</subfield>
<subfield code="b">EBSCO_APH</subfield>
<subfield code="d">CAL00129</subfield>
<subfield code="i">489877</subfield>
<subfield code="j">000015</subfield>
<subfield code="s">038776</subfield>
<subfield code="t">Academic Search Premier</subfield>
</datafield>
<controlfield tag="RAN">099</controlfield>
<datafield tag="YR " ind1=" " ind2=" ">
<subfield code="a">2009</subfield>
</datafield>
<controlfield tag="SET">038776</controlfield>
<controlfield tag="SYS">012813690</controlfield>
<openURL>
<ctx:context-objects xmlns:ctx="info:ofi/fmt:xml:xsd:ctx" xmlns:xsi="http://www.w3.org/2001/XMLSchema-instance" xsi:schemaLocation="info:ofi/fmt:xml:xsd:ctx http://www.openurl.info/registry/docs/info:ofi/fmt:xml:xsd:ctx">
<ctx:context-object timestamp="2004-01-16T12:13:00Z" version="Z39.88-2004" identifier="123">
<ctx:referent>
<ctx:metadata-by-val>
<ctx:format>info:ofi/fmt:xml:xsd</ctx:format>
<ctx:metadata>
<rft:journal xmlns:rft="info:ofi/fmt:xml:xsd:journal" xsi:schemaLocation="info:ofi/fmt:xml:xsd:journal http://www.openurl.info/registry/docs/info:ofi/fmt:xml:xsd:journal">
<rft:author rank="1">
<rft:aulast>Yurtseven</rft:aulast>
<rft:aufirst> Sabri</rft:aufirst>
<rft:auinit></rft:auinit>
</rft:author>
<rft:atitle>Effect of Different Feeding Method on Methane and Carbon Dioxide Emissions Milk Yield and Composition of Lactating Awassi Sheep.</rft:atitle>
<rft:jtitle>Asian Journal of Animal &amp; Veterinary Advances</rft:jtitle>
<rft:date>2009</rft:date>
<rft:volume>4</rft:volume>
<rft:issue>6</rft:issue>
<rft:spage>278</rft:spage>
<rft:epage>287</rft:epage>
<rft:genre></rft:genre>
<rft:issn>16839919</rft:issn>
<ctx:identifier>info:doi/</ctx:identifier>
<rft:sici></rft:sici>
<rft:opid></rft:opid>
</rft:journal>
</ctx:metadata>
</ctx:metadata-by-val>
<ctx:metadata-by-ref>
<ctx:format></ctx:format>
<ctx:location>http://metalib.calstate.edu:8331/X?OP=sfx-get-doc&amp;doc-number=012813690</ctx:location>
</ctx:metadata-by-ref>
</ctx:referent>
<ctx:referrer>
<ctx:identifier>info:sid/metalib.com:EBSCO_APH</ctx:identifier>
</ctx:referrer>
</ctx:context-object>
</ctx:context-objects>
</openURL>
</record>
<session_id new_session="N">PCSDLNLN4PVC3PAEM1VYXMHDGQ7MBHVX4VRANT8NHTQL9CPXEJ</session_id>
</present_response>
</x_server_response>
 